<mx:record xmlns:v="http://viaf.org/viaf/terms#" xmlns:mx="http://www.loc.gov/MARC21/slim"
           xmlns:srw="http://www.loc.gov/zing/srw/">
   <mx:leader>00000nz##a22.....n..4500</mx:leader>
   <mx:controlfield tag="001">viaf15159471</mx:controlfield>
   <mx:controlfield tag="003">OCoLC</mx:controlfield>
   <mx:controlfield tag="008">090303n||azznnabbn##########|a#aaa####|#</mx:controlfield>
   <mx:datafield tag="024" ind1="7" ind2=" ">
      <mx:subfield code="a">http://viaf.org/viaf/15159471</mx:subfield>
      <mx:subfield code="2">uri</mx:subfield>
   </mx:datafield>
   <mx:datafield tag="040" ind1=" " ind2=" ">
      <mx:subfield code="a">VIAF</mx:subfield>
      <mx:subfield code="c">VIAF</mx:subfield>
   </mx:datafield>
   <mx:datafield ind1="0" ind2=" " tag="100">
      <mx:subfield code="a">Arcesilaus</mx:subfield>
      <mx:subfield code="c">Pitanaeus</mx:subfield>
      <mx:subfield code="d">ca. 316-241/240v.Chr.</mx:subfield>
      <mx:subfield code="0">(DNB)10238102X</mx:subfield>
   </mx:datafield>
   <mx:datafield tag="375" ind1=" " ind2=" ">
      <mx:subfield code="a">unknown</mx:subfield>
      <mx:subfield code="2">0</mx:subfield>
   </mx:datafield>
   <mx:datafield ind1="0" ind2=" " tag="400">
      <mx:subfield code="a">Arcesilao</mx:subfield>
      <mx:subfield code="c">Filosofo</mx:subfield>
      <mx:subfield code="d">ca. 316-241/240v.Chr.</mx:subfield>
      <mx:subfield code="2">DNB</mx:subfield>
   </mx:datafield>
   <mx:datafield ind1="0" ind2=" " tag="400">
      <mx:subfield code="a">Arcesilao</mx:subfield>
      <mx:subfield code="c">Fondatore di lÁccademia di Mezzo</mx:subfield>
      <mx:subfield code="d">ca. 316-241/240v.Chr.</mx:subfield>
      <mx:subfield code="2">DNB</mx:subfield>
   </mx:datafield>
   <mx:datafield ind1="0" ind2=" " tag="400">
      <mx:subfield code="a">Arcesilao</mx:subfield>
      <mx:subfield code="c">di Pitane</mx:subfield>
      <mx:subfield code="d">ca. 316-241/240v.Chr.</mx:subfield>
      <mx:subfield code="2">DNB</mx:subfield>
   </mx:datafield>
   <mx:datafield ind1="0" ind2=" " tag="400">
      <mx:subfield code="a">Arcesilas</mx:subfield>
      <mx:subfield code="c">Philosophus</mx:subfield>
      <mx:subfield code="d">ca. 316-241/240v.Chr.</mx:subfield>
      <mx:subfield code="2">DNB</mx:subfield>
   </mx:datafield>
   <mx:datafield ind1="0" ind2=" " tag="400">
      <mx:subfield code="a">Arcesilas</mx:subfield>
      <mx:subfield code="c">Pitanaeus</mx:subfield>
      <mx:subfield code="d">ca. 316-241/240v.Chr.</mx:subfield>
      <mx:subfield code="2">DNB</mx:subfield>
   </mx:datafield>
   <mx:datafield ind1="0" ind2=" " tag="400">
      <mx:subfield code="a">Arcesilaus</mx:subfield>
      <mx:subfield code="c">Epigrammaticus</mx:subfield>
      <mx:subfield code="d">ca. 316-241/240v.Chr.</mx:subfield>
      <mx:subfield code="2">DNB</mx:subfield>
   </mx:datafield>
   <mx:datafield ind1="0" ind2=" " tag="400">
      <mx:subfield code="a">Arcesilaus</mx:subfield>
      <mx:subfield code="c">Epistolographus</mx:subfield>
      <mx:subfield code="d">ca. 316-241/240v.Chr.</mx:subfield>
      <mx:subfield code="2">DNB</mx:subfield>
   </mx:datafield>
   <mx:datafield ind1="0" ind2=" " tag="400">
      <mx:subfield code="a">Arcesilaus</mx:subfield>
      <mx:subfield code="c">Peripateticus</mx:subfield>
      <mx:subfield code="d">ca. 316-241/240v.Chr.</mx:subfield>
      <mx:subfield code="2">DNB</mx:subfield>
   </mx:datafield>
   <mx:datafield ind1="0" ind2=" " tag="400">
      <mx:subfield code="a">Arcesilaus</mx:subfield>
      <mx:subfield code="c">Philosophus</mx:subfield>
      <mx:subfield code="d">ca. 316-241/240v.Chr.</mx:subfield>
      <mx:subfield code="2">DNB</mx:subfield>
   </mx:datafield>
   <mx:datafield ind1="0" ind2=" " tag="400">
      <mx:subfield code="a">Arcesilaus</mx:subfield>
      <mx:subfield code="c">Pitanensis</mx:subfield>
      <mx:subfield code="d">ca. 316-241/240v.Chr.</mx:subfield>
      <mx:subfield code="2">DNB</mx:subfield>
   </mx:datafield>
   <mx:datafield ind1="0" ind2=" " tag="400">
      <mx:subfield code="a">Arcesilaus</mx:subfield>
      <mx:subfield code="c">Polemonis Discipulus</mx:subfield>
      <mx:subfield code="d">ca. 316-241/240v.Chr.</mx:subfield>
      <mx:subfield code="2">DNB</mx:subfield>
   </mx:datafield>
   <mx:datafield ind1="0" ind2=" " tag="400">
      <mx:subfield code="a">Arcésilaos</mx:subfield>
      <mx:subfield code="c">de Pitane</mx:subfield>
      <mx:subfield code="d">ca. 316-241/240v.Chr.</mx:subfield>
      <mx:subfield code="2">DNB</mx:subfield>
   </mx:datafield>
   <mx:datafield ind1="0" ind2=" " tag="400">
      <mx:subfield code="a">Arcésilas</mx:subfield>
      <mx:subfield code="c">de Pitané</mx:subfield>
      <mx:subfield code="d">ca. 316-241/240v.Chr.</mx:subfield>
      <mx:subfield code="2">DNB</mx:subfield>
   </mx:datafield>
   <mx:datafield ind1="0" ind2=" " tag="400">
      <mx:subfield code="a">Arkesilaos</mx:subfield>
      <mx:subfield code="c">Begründer der Mittleren Akademie</mx:subfield>
      <mx:subfield code="d">ca. 316-241/240v.Chr.</mx:subfield>
      <mx:subfield code="2">DNB</mx:subfield>
   </mx:datafield>
   <mx:datafield ind1="0" ind2=" " tag="400">
      <mx:subfield code="a">Arkesilaos</mx:subfield>
      <mx:subfield code="c">von Pitane</mx:subfield>
      <mx:subfield code="d">ca. 316-241/240v.Chr.</mx:subfield>
      <mx:subfield code="2">DNB</mx:subfield>
   </mx:datafield>
   <mx:datafield tag="856" ind1="4" ind2="0">
      <mx:subfield code="u">http://viaf.org/viaf/15159471</mx:subfield>
   </mx:datafield>
   <mx:datafield tag="856" ind1="4" ind2="2">
      <mx:subfield code="u">http://viaf.org/viaf/data</mx:subfield>
      <mx:subfield code="z">Dataset description</mx:subfield>
   </mx:datafield>
   <mx:datafield tag="997" ind1=" " ind2=" ">
      <mx:subfield code="a">-316</mx:subfield>
      <mx:subfield code="b">-241</mx:subfield>
      <mx:subfield code="c">circa</mx:subfield>
   </mx:datafield>
</mx:record>